@DocuShare{LSE-349,
  author =       {Beth Willman and William O'Mullane and Melissa L. Graham and Donald Petravick},
  title =        "{Access Policy for LSST Data and Data Access Center}",
  year =         2018,
  month =        mar,
  handle =       {LSE-349},
}